
@book{webster_geostatistics_2007,
	address = {Chichester, [Angleterre]},
	title = {Geostatistics for environmental scientists},
	language = {English},
	publisher = {Wiley},
	author = {Webster, Richard and Oliver, Margaret A},
	year = {2007},
	note = {01824},
	file = {book_Richard_Webster,_Margaret_A._Oliver_Geostatistic.pdf:/home/guillermo/Dropbox/Bibliografia - Zotero/storage/RXPXGHSM/book_Richard_Webster,_Margaret_A._Oliver_Geostatistic.pdf:application/pdf}
}